<?xml version="1.0" encoding="UTF-8"?>
<collection xmlns:xsi="http://www.w3.org/2001/XMLSchema-instance" xsi:schemaLocation="http://www.loc.gov/MARC21/slim http://www.loc.gov/standards/marcxml/schema/MARC21slim.xsd" xmlns="http://www.loc.gov/MARC21/slim">
<record>
  <leader>00918cam a22002171  4500</leader>
  <controlfield tag="001">3058871</controlfield>
  <controlfield tag="003">NNC</controlfield>
  <controlfield tag="005">20130520200806.0</controlfield>
  <controlfield tag="008">930908s1939    sy            000 0 arard</controlfield>
  <datafield tag="035" ind1=" " ind2=" ">
    <subfield code="a">(OCoLC)ocm28765534</subfield>
  </datafield>
  <datafield tag="035" ind1=" " ind2=" ">
    <subfield code="9">ATM7478CU</subfield>
  </datafield>
  <datafield tag="035" ind1=" " ind2=" ">
    <subfield code="a">(NNC)3058871</subfield>
  </datafield>
  <datafield tag="035" ind1=" " ind2=" ">
    <subfield code="a">3058871</subfield>
  </datafield>
  <datafield tag="040" ind1=" " ind2=" ">
    <subfield code="a">CUY</subfield>
    <subfield code="c">CUY</subfield>
    <subfield code="d">ZCU</subfield>
  </datafield>
  <datafield tag="099" ind1=" " ind2=" ">
    <subfield code="a">893.795</subfield>
    <subfield code="a">Y18</subfield>
  </datafield>
  <datafield tag="100" ind1="1" ind2=" ">
    <subfield code="a">Zarkashī, Muḥammad ibn Bahādur,</subfield>
    <subfield code="d">1344 or 1345-1392.</subfield>
  </datafield>
  <datafield tag="245" ind1="1" ind2="3">
    <subfield code="a">al-Ijābah li-īrād mā istadrakathu ʻĀʾishah ʻalá al-Ṣaḥābah.</subfield>
    <subfield code="b">Wa-fīhi tarjamah wāfiyah lil-sayyidah ʻĀʾishah wa-bayān khaṣāʾisuhā tafṣīlan /</subfield>
    <subfield code="c">li-Badr al-Dīn al-Zarkashī; ʻaná bi-taḥqīqihī wa-waḍaʻa muqaddimatihī wa-taʻālīqihī wa-fahārisihī Saʻīd al-Afghānī.</subfield>
  </datafield>
  <datafield tag="260" ind1=" " ind2=" ">
    <subfield code="a">Dimashq :</subfield>
    <subfield code="b">al-Maṭbaʻah al-Hāshīmīyah,</subfield>
    <subfield code="c">1939.</subfield>
  </datafield>
  <datafield tag="300" ind1=" " ind2=" ">
    <subfield code="a">228 p.</subfield>
  </datafield>
  <datafield tag="600" ind1="0" ind2="0">
    <subfield code="a">ʻĀʼishah,</subfield>
    <subfield code="d">approximately 614-678.</subfield>
  </datafield>
  <datafield tag="955" ind1=" " ind2=" ">
    <subfield code="b">CU58836357</subfield>
    <subfield code="d">off,glx</subfield>
    <subfield code="e">893.795 Y18</subfield>
  </datafield>
</record>
</collection>